
%% Created for johannes at 2008-01-22 23:12:05 +0100 


%% Saved with string encoding Western (ASCII) 

@phdthesis{pcsrt:furtuna,
  Title = {Proactive Cyber Security by Red Teaming},
  Author = {Furtuna, Adrian Constantin},
  School = {Romania Military Technical Academy},
	Year = {2011},
	Pages = {32},
  URL = {http://stormsecurity.files.wordpress.com/2012/01/phd_thesis_adrian_furtuna.pdf},
	Note = {Zuletzt abgerufen am 08.12.2013}}

@manual{osstmm,
	Address = {ISECOM Spain, Apartat de Correus 134, 08440 Cardedeu, Spain},
	Title =  {OSSTMM 3 - The Open Source Security Testing Methodology Manual},
	Organization = {ISECOM},
	Year = {2010},
	Edition = {3.02},
	Pages = {35},
	URL = {http://www.isecom.org/research/osstmm.html},
	Note = {Zuletzt abgerufen am 08.12.2013}}

@book{ris:stgb118a,
Publisher = {Bundeskanzleramt},
	Author = {{StGB~\S~118a}},
	Title = {Widerrechtlicher Zugriff auf ein Computersystem},
	Shortauthor = {Strafgesetzbuch},
	Shorttitle = {\S~118a},
	Year = {01.08.2008},
	Address = {Österreich},
	Edition = {Stand 18.02.2010},
	Pages = {24/01-StGB,\S118a},
	URL = {http://www.ris.bka.gv.at/Dokument.wxe?Abfrage=Bundesnormen&Dokumentnummer=NOR40093646},
	Note = {Zuletzt abgerufen am 08.12.2013}}
	
@book{ris:stgb119,
Publisher = {Bundeskanzleramt},
	Author = {{StGB~\S~119}},
	Title = {Verletzung des Telekommunikationsgeheimnisses},
	Shortauthor = {Strafgesetzbuch},
	Shorttitle = {\S~119},
	Address = {Österreich},
	Pages = {24/01 StGB, \S~119},
	URL = {http://www.jusline.at/119_Verletzung_des_Telekommunikationsgeheimnisses_StGB.html},
	Note = {Zuletzt abgerufen am 08.12.2013}}
	
@book{ris:stgb119a,
Publisher = {Bundeskanzleramt},
	Author = {{StGB~\S~119a}},
	Title = {Missbräuchliches Abfangen von Daten},
	Shortauthor = {Strafgesetzbuch},
	Shorttitle = {\S~119a},
	Year = {01.10.2002},
	Address = {Österreich},
	Edition = {Stand 18.02.2010},
	Pages = {24/01 StGB, \S~119a},
	URL = {http://www.ris.bka.gv.at/Dokument.wxe?Abfrage=Bundesnormen&Dokumentnummer=NOR40033808},
	Note = {Zuletzt abgerufen am 08.12.2013}}
	
@book{ris:stgb126a,
	Publisher = {Bundeskanzleramt},
	Author = {{StGB~\S~126a}},
	Title = {Datenbeschädigung},
	Shortauthor = {Strafgesetzbuch},
	Shorttitle = {\S~126a},
	Year = {01.01.2008},
	Address = {Österreich},
	Edition = {Stand 18.02.2010},
	Pages = {24/01 StGB, \S~126a},
	URL = {http://www.ris.bka.gv.at/Dokument.wxe?Abfrage=Bundesnormen&Dokumentnummer=NOR40093647},
	Note = {Zuletzt abgerufen am 08.12.2013}}
	
@book{ris:stgb126b,
	Publisher = {Bundeskanzleramt},
	Author = {{StGB~\S~126b}},
	Title = {Störung der Funktionsfähigkeit eines Computersystems},
	Shortauthor = {Strafgesetzbuch},
	Shorttitle = {\S~126b},
	Year = {01.01.2008},
	Address = {Österreich},
	Edition = {Stand 18.02.2010},
	Pages = {24/01 StGB, \S~126b},
	URL = {http://www.ris.bka.gv.at/Dokument.wxe?Abfrage=Bundesnormen&Dokumentnummer=NOR40093648},
	Note = {Zuletzt abgerufen am 08.12.2013}}
	
@book{ris:stgb126c,
	Publisher = {Bundeskanzleramt},
	Author = {{StGB~\S~126c}},
	Title = {Missbrauch von Computerprogrammen oder Zugangsdaten},
	Shortauthor = {Strafgesetzbuch},
	Shorttitle = {\S~126c},
	Year = {01.05.2004},
	Address = {Österreich},
	Edition = {Stand 18.02.2010},
	Pages = {24/01 StGB, \S~126c},
	URL = {http://www.ris.bka.gv.at/Dokument.wxe?Abfrage=Bundesnormen&Dokumentnummer=NOR40050382},
	Note = {Zuletzt abgerufen am 08.12.2013}}
	
@book{ris:stgb148a,
	Publisher = {Bundeskanzleramt},
	Author = {{StGB~\S~148a}},
	Title = {Betrügerischer Datenverarbeitungsmißbrauch},
	Shortauthor = {Strafgesetzbuch},
	Shorttitle = {\S~148a},
	Year = {01.01.2005},
	Address = {Österreich},
	Edition = {Stand 18.02.2010},
	Pages = {24/01 StGB, \S~148a},
	URL = {https://www.ris.bka.gv.at/Dokument.wxe?Abfrage=Bundesnormen&Dokumentnummer=NOR40059228},
	Note = {Zuletzt abgerufen am 08.12.2013}}
	
@book{ris:dsg51,
	Publisher = {Bundeskanzleramt},
	Author = {{DSG~2000~\S~51}},
	Title = {Datenverwendung in Gewinn- oder Schädigungsabsicht},
	Shortauthor = {Datenschutzgesetz-2000},
	Shorttitle = {Art. 2 \S~51},
	Year = {01.01.2010},
	Address = {Österreich},
	Edition = {Stand 28.01.2010},
	Pages = {10/10 Grundrechte, Datenschutz, Auskunftspflicht, Art. 2 \S~51},
	URL = {http://www.ris.bka.gv.at/Dokument.wxe?Abfrage=Bundesnormen&Dokumentnummer=NOR40113730},
	Note = {Zuletzt abgerufen am 08.12.2013}}
	
@BOOK{Neugebauer2012,
	AUTHOR = {Neugebauer, Frank},
	YEAR = {2012},
	TITLE = {Penetration Testing mit Metasploit - Eine praktische Einführung},
	EDITION = {2. akt. u. erw. Aufl.},
	ISBN = {978-3-898-64820-2},
	PUBLISHER = {Dpunkt.Verlag GmbH},
	ADDRESS = {Heidelberg},
	Timestamp={03/08/2013}}
	
@BOOK{Mitnick2011,
	AUTHOR = {Mitnick, Kevin D. AND Simon, William},
	YEAR = {2011},
	TITLE = {Die Kunst der Täuschung - Risikofaktor Mensch},
	EDITION = {1. Aufl.},
	ISBN = {978-3-826-61569-6},
	PUBLISHER = {Hüthig Jehle Rehm},
	ADDRESS = {München},
	Timestamp={03/08/2013}}
	
@BOOK{Kraft2010,
	AUTHOR = {Kraft, Peter AND Weyert, Andreas},
	YEAR = {2010},
	TITLE = {Network Hacking - professionelle Angriffs- und Verteidigungstechniken gegen Hacker und Datendiebe ; [Tools für Angriff und Verteidigung - vom Keylogger bis zum Rootkit ; Vorbeugung gegen Malware-Attacken aus dem Internet ; effektive Schutzmaßnahmen für Privat- und Firmennetze]},
	EDITION = {2. verb. Aufl.},
	ISBN = {978-3-645-60030-9},
	PUBLISHER = {Franzis},
	ADDRESS = {München},
	Timestamp={03/08/2013}}
	
@BOOK{Scambray2007,
	AUTHOR = {Scambray, Joel AND McClure, Stuart},
	YEAR = {2007},
	TITLE = {Hacking Exposed Windows: Microsoft Windows Security Secrets and Solutions, Third Edition - },
	EDITION = {3rd Revised edition (REV).},
	ISBN = {978-0-071-49426-7},
	PUBLISHER = {McGraw Hill Professional},
	ADDRESS = {Madison},
	Timestamp={03/08/2013}}
	
@BOOK{Johansson2008, 
	title={Microsoft Windows Server 2008 Sicherheit},
	author={Jesper Johansson},
	publisher={Microsoft GmbH},
	year={2008},
	isbn={9783866459212},
	Timestamp={03/08/2013}}
	
@BOOK{Messner2012,
	AUTHOR = {Messner, Michael},
	YEAR = {2012},
	TITLE = {Metasploit - Das Handbuch zum Penetration-Testing-Framework},
	EDITION = {1. Aufl.},
	ISBN = {978-3-898-64772-4},
	PUBLISHER = {Dpunkt.Verlag GmbH},
	ADDRESS = {Heidelberg},
	Timestamp = {05/08/2013}}
	
@BOOK{Harris2013,
	AUTHOR = {Harris, Shon},
	YEAR = {2013},
	TITLE = {CISSP All-in-One Exam Guide, 6th Edition - },
	EDITION = {6. Aufl.},
	ISBN = {978-0-071-78173-2},
	PUBLISHER = {McGraw Hill Professional},
	ADDRESS = {Madison},
	Timestamp = {05/08/2013}}
	
@masterthesis{boac:2007,
  Type = {Bachelor Thesis},
	Title = {Buffer Overflow Attacks \& Countermeasures},
  Author = {Saraf, Utsav and Gupta, Sandeep Kumar},
  School = {Department of Computer Science and Engineering, National Institute of Technology, Rourkela},
	Year = {2007},
  URL = {http://ethesis.nitrkl.ac.in/4170/1/Buffer_Overflow_Attacks_%26_Countermeasures.pdf},
	Note = {Zuletzt abgerufen am 08.12.2013}}
	
@proceedings{bsi:2003,
	Address = {Godesberger Allee 185-189, 53175 Bonn, Postfach 20 03 63, 35133 Bonn},
	Editor = {BSI},
	Month = Nov,
	Publisher = {Bundesamt für Sicherheit in der Informationstechnik},
	Title = {Durchführungskonzept für Penetrationstests},
	Year = {2003},
	URL = {https://www.bsi.bund.de/DE/Publikationen/Studien/pentest/index_htm.html},
	Note = {Zuletzt abgerufen am 08.12.2013}}
	
@manual{nmap,
	Title =  {Nmap-Referenz-Handbuch (Man Page)},
	Organization = {Insecure.Com, LLC},
	Author = {Lyon, Gordon},
	URL = {http://nmap.org/man/de/},
	Edition = {6.25},
	Address = {370 Altair Way 113, Sunnyvale, CA 94086-6161, United States},
	Year = {2012},
	Note = {Zuletzt abgerufen am 08.12.2013}}
	
@BOOK{Lyon2008,
	AUTHOR = {Lyon, Gordon AND Fyodor, Fyodor},
	YEAR = {2008},
	TITLE = {Nmap Network Scanning - Official Nmap Project Guide to Network Discovery and Security Scanning},
	EDITION = {1},
	ISBN = {978---0-9-79-95-8},
	PUBLISHER = {Insecure.Com, LLC},
	ADDRESS = {370 Altair Way 113, Sunnyvale, CA 94086-6161, United States},
	Timestamp = {05/08/2013}}
	
@misc{osi:website,
	Author = {Open-Source-Initiative},
	Title = {Open Source Licenses},
	Url = {http://opensource.org/licenses},
	Year = {2013},
	Note = {Zuletzt abgerufen am 08.12.2013}}
	
@BOOK{Aharoni2012,
	AUTHOR = {Aharoni, Mati AND Kearns, Devon AND Kennedy, David AND O'Gorman, Jim},
	YEAR = {2012},
	TITLE = {Metasploit - Die Kunst des Penetration Testing},
	EDITION = {2012. Aufl.},
	ISBN = {978-3-826-69176-8},
	PUBLISHER = {Hüthig Jehle Rehm},
	ADDRESS = {München},
	Timestamp = {05/08/2013}}
	
@misc{mslicense:website,
	Author = {Open-Source-Initiative},
	Title = {The BSD 3-Clause License},
	Url = {https://github.com/rapid7/metasploit-framework/blob/master/LICENSE},
	Year = {2013},
	Note = {Zuletzt abgerufen am 08.12.2013}}

@misc{bsd3:website,
	Author = {Open-Source-Initiative},
	Title = {The BSD 3-Clause License},
	Url = {http://opensource.org/licenses/BSD-3-Clause},
	Year = {2013},
	Note = {Zuletzt abgerufen am 08.12.2013}}
	
@misc{metasploit:website,
	Author = {Rapid7},
	Title = {Metasploit},
	Url = {http://www.metasploit.com/},
	Year = {2013},
	Note = {Zuletzt abgerufen am 08.12.2013}}
	
@misc{msarchitecture:website,
	Author = {{Offensive Security}},
	Title = {Metasploit Architecture},
	Url = {http://www.offensive-security.com/metasploit-unleashed/Metasploit_Architecture},
	Year = {2013},
	Note = {Zuletzt abgerufen am 08.12.2013}}
	
@misc{rfc3232,
  added-at = {2009-11-15T15:37:34.000+0100},
  author = {Reynolds, J.},
  biburl = {http://www.bibsonomy.org/bibtex/218120eb2500d7cecc54ac8814ec98fd2/henkellermann},
  howpublished = {RFC 3232 (Informational)},
  interhash = {9b1417e7f023e9785234ace1e8da6d24},
  intrahash = {18120eb2500d7cecc54ac8814ec98fd2},
  keywords = {imported},
  month = {January},
  number = 3232,
  organization = {Internet Engineering Task Force},
  publisher = {IETF},
  series = {Request for Comments},
  title = {{Assigned Numbers: RFC 1700 is Replaced by an On-line Database}},
  url = {http://www.ietf.org/rfc/rfc3232.txt},
  year = 2002,
	Note = {Zuletzt abgerufen am 08.12.2013}}
	
@article {nrc12015,
	title = {Internet Assigned Numbers Authority (IANA) Procedures for the Management of the Service Name and Transport Protocol Port Number Registry},
	journal = {Internet RFCs (ISSN 2070-1721)},
	year = {2011},
	abstract = {This document defines the procedures that the Internet Assigned Numbers Authority (IANA) uses when handling assignment and other requests related to the Service Name and Transport Protocol Port Number registry. It also discusses the rationale and principles behind these procedures and how they facilitate the long-term sustainability of the registry. This document updates IANA{\textquoteright}s procedures by obsoleting the previous UDP and TCP port assignment procedures defined in Sections 8 and 9.1 of the IANA Allocation Guidelines, and it updates the IANA service name and port assignment procedures for UDP-Lite, the Datagram Congestion Control Protocol (DCCP), and the Stream Control Transmission Protocol (SCTP). It also updates the DNS SRV specification to clarify what a service name is and how it is registered. },
	url = {http://tools.ietf.org/html/rfc6335},
	author = {Michelle Cotton and Lars Eggert and Joseph Touch and Magnus Westerlund and Stuart Cheshire},
	note = {\url{http://www.iana.org/assignments/service-names-port-numbers/service-names-port-numbers.xhtml} --- Zuletzt abgerufen am 08.12.2013}}
	
@Misc{RFC0793,
  author =       "J. Postel",
  title =        "{RFC 793}: Transmission Control Protocol",
  day =          "1",
  month =        sep,
  year =         "1981",
  bibdate =      "Fri Jan 22 16:42:19 1999",
  URL =          "ftp://ftp.internic.net/rfc/rfc793.txt,
                 ftp://ftp.math.utah.edu/pub/rfc/rfc793.txt",
  acknowledgement = ack-nhfb,
  format =       "TXT=177957 bytes",
  online =       "yes",
  status =       "STANDARD",
	Note = {Zuletzt abgerufen am 08.12.2013}}
	
@Misc{RFC0768,
  author =       "J. Postel",
  title =        "{RFC 768}: User Datagram Protocol",
  day =          "28",
  month =        aug,
  year =         "1980",
  bibdate =      "Fri Jan 22 16:39:07 1999",
  URL =          "ftp://ftp.internic.net/rfc/rfc768.txt,
                 ftp://ftp.math.utah.edu/pub/rfc/rfc768.txt",
  acknowledgement = ack-nhfb,
  format =       "TXT=5896 bytes",
  online =       "yes",
  status =       "STANDARD",
	Note = {Zuletzt abgerufen am 08.12.2013}}
	
@misc{rfc4340,
  added-at = {2009-11-15T15:37:34.000+0100},
  author = {Kohler, E. and Handley, M. and Floyd, S.},
  biburl = {http://www.bibsonomy.org/bibtex/25681bf56700d96135fcdfbbd8f5aaf92/henkellermann},
  howpublished = {RFC 4340 (Proposed Standard)},
  interhash = {60e9bd164374d1b9b34c25d45cd74292},
  intrahash = {5681bf56700d96135fcdfbbd8f5aaf92},
  keywords = {imported},
  month = {March},
  number = 4340,
  organization = {Internet Engineering Task Force},
  publisher = {IETF},
  series = {Request for Comments},
  title = {{Datagram Congestion Control Protocol (DCCP)}},
  url = {http://www.ietf.org/rfc/rfc4340.txt},
  year = 2006,
	Note = {Updated by RFCs 5595, 5596 --- Zuletzt abgerufen am 08.12.2013}}

@misc{rfc2960,
  added-at = {2009-11-15T15:37:34.000+0100},
  author = {Stewart, R. and Xie, Q. and Morneault, K. and Sharp, C. and Schwarzbauer, H. and Taylor, T. and Rytina, I. and Kalla, M. and Zhang, L. and Paxson, V.},
  biburl = {http://www.bibsonomy.org/bibtex/20b6dab2b8456b63f6079a62248dda24f/henkellermann},
  howpublished = {RFC 2960 (Proposed Standard)},
  interhash = {fade7fcc1109df068cc0312dd3466298},
  intrahash = {0b6dab2b8456b63f6079a62248dda24f},
  keywords = {imported},
  month = {October},
  number = 2960,
  organization = {Internet Engineering Task Force},
  publisher = {IETF},
  series = {Request for Comments},
  title = {{Stream Control Transmission Protocol}},
  url = {http://www.ietf.org/rfc/rfc2960.txt},
  year = 2000,
	Note = {Obsoleted by RFC 4960, updated by RFC 3309 --- Zuletzt abgerufen am 08.12.2013}}
	
@misc {inc:pem,    
	author = {Dodd, David J.},    
	affiliation = {SANS Institute},    
	title = {Post Exploitation using Metasploit pivot \& port forward},
	editor = {Ullrich, Johannes B.},    
	publisher = {SANS Institute},   
	keyword = {IT Security},    
	url = {http://pen-testing.sans.org/resources/papers/gpen/post-exploitation-metasploit-pivot-port-121704},
	pages = {1-12},
	year = {2012},
	Note = {Zuletzt abgerufen am 08.12.2013}}

@misc {inc:meterpreter,    
	author = {Miller},    
	affiliation = {Metasploit Project},    
	title = {Metasploit's Meterpreter},    
	publisher = {Metasploit Project},   
	keyword = {IT Security},    
	url = {http://dev.metasploit.com/documents/meterpreter.pdf},
	year = {2004},
	pages = {1-69},
	Note = {Zuletzt abgerufen am 08.12.2013}}
	
@misc{armitage:website,
	Author = {Mudge, Raphael},
	Organization = {Strategic Cyber LLC},
	Title = {Armitage},
	Url = {http://www.fastandeasyhacking.com/},
	Year = {2013},
	Note = {Zuletzt abgerufen am 08.12.2013}}

@misc{openvas:website,
	Author = {Koormann, Frank and Reiter, Bernhard and  Wagner, Jan-Oliver},
	Organization = {{OpenVAS-Initiative \& Intevation GmbH}},
	Title = {OpenVAS},
	Url = {http://www.openvas.org/about-de.html},
	Year = {2013},
	Note = {Zuletzt abgerufen am 08.12.2013}}

@misc{gpl:website,
	Author = {Kohne, Joerg},
	Organization = {{Free Software Foundation}},
	Title = {GNU General Public License (GPL)},
	Url = {http://www.gnu.org/licenses/gpl.html},
	Year = {2013},
	Note = {Lezte Version vom 27.07.2013 Zuletzt abgerufen am 08.12.2013}}
	
@misc{qt:website,
	Author = {Digia},
	Organization = {{Digia}},
	Title = {Qt Project},
	Url = {http://qt-project.org/},
	Year = {2013},
	Note = {Zuletzt abgerufen am 08.12.2013}}
	
@masterthesis{ascc:thesis,
  Type = {Master Thesis},
	Title = {Automated Security Compliance Tool
for the Cloud},
  Author = {Ullah, Kazi Wali},
  School = {Aalto University, School of Science, Department of Computer Science and Engineering, Degree Programme in Security and Mobile Computing},
	Date = {30/06/2012},
	Year = {2012},
  URL = {http://nordsecmob.aalto.fi/en/publications/theses_2012/ullah-kazi_wali_thesis.pdf},
	Note = {Zuletzt abgerufen am 08.12.2013}}
	
@misc{ovasdoku:website,
	Author = {Koormann, Frank and Reiter, Bernhard and  Wagner, Jan-Oliver},
	Organization = {{OpenVAS-Initiative \& Intevation GmbH}},
	Title = {OpenVAS Documentation},
	Url = {http://openvas.org/documentation.html},
	Year = {2013},
	Note = {Zuletzt abgerufen am 08.12.2013}}
	
@misc{bios:website,
	AUTHOR = {Wüst, Klaus},
	YEAR = {2010},
	TITLE = {Mikroprozessortechnik - Grundlagen, Architekturen, Schaltungstechnik und Betrieb von Mikroprozessoren und Mikrocontrollern},
	EDITION = {4. Aufl. 2011},
	ISBN = {978-3-834-80906-3},
	PUBLISHER = {Vieweg+Teubner Verlag},
	ADDRESS = {Wiesbaden}}

@ARTICLE{ieee802.11, 
	author={{IEEE Computer Society}}, 
	journal={IEEE Std 802.11-2007}, 
	title={{IEEE Standard for Information technology -- Telecommunications and information exchange between systems -- Local and metropolitan area networks -- Specific requirements --- Part 11: Wireless LAN Medium Access Control (MAC)
and Physical Layer (PHY) Specifications}}, 
	year={2007},
	Note = {Zuletzt abgerufen am 08.12.2013}}
	
@misc{xml10fifth,
  abstract = {The Extensible Markup Language (XML) is a subset of SGML that is completely described in this document. Its goal is to enable generic SGML to be served, received, and processed on the Web in the way that is now possible with HTML. XML has been designed for ease of implementation and for interoperability with both SGML and HTML.},
  author = {Bray, Tim and Paoli, Jean and Sperberg-McQueen, C. Michael and Maler, Eve and Yergeau, Fran\c{c}ois},
  biburl = {http://www.bibsonomy.org/bibtex/274e32ed3d316702d5c4b6a2027d85d5a/dret},
  description = {dret'd bibliography},
  howpublished = {World Wide Web Consortium, Recommendation REC-xml-20081126},
  interhash = {9b4925af49b73d8d5c9d3c61449f06b2},
  intrahash = {74e32ed3d316702d5c4b6a2027d85d5a},
  keywords = {imported},
  month = {November},
  title = {Extensible Markup Language (XML) 1.0 (Fifth Edition)},
  topic = {xml[1] dtd[1]},
  updates = {xml10fourth},
  uri = {http://www.w3.org/TR/2008/REC-xml-20081126},
  year = 2008,
	Note = {Zuletzt abgerufen am 08.12.2013}}
	
@misc{sqlstandard,
  author = {Date, Christopher J. and Darwen, Hugh},
  biburl = {http://www.bibsonomy.org/bibtex/21d465a475a7090e9d335a6fbf2c1b9b8/utahell},
  interhash = {869f03f139679fddd656f003e3f197b4},
  intrahash = {1d465a475a7090e9d335a6fbf2c1b9b8},
  keywords = {sql standard},
  organization = {ISO},
  owner = {uhe},
  title = {ISO/IEC 9075-2:2008 (SQL - Part 2: Foundations), "The SQL Standard", Third Edition (Addison-Wesley Publishing Company, 1993)},
  year = 2008,
	Note = {Zuletzt abgerufen am 08.12.2013}}

@misc{shikataganai:website,
	author = {{Cran, Jonathan}},
	title = {Shikata Ga Nai},
	year = {2013},
	url = {https://github.com/pwnieexpress/metasploit-framework/blob/master/modules/encoders/x86/shikata_ga_nai.rb},
	Note = {Zuletzt abgerufen am 08.12.2013}}
	
@misc{rfc4510,
  author="K. Zeilenga",
  title="{Lightweight Directory Access Protocol (LDAP): Technical Specification Road Map}",
  series="Request for Comments",
  number="4510",
  howpublished="RFC 4510 (Proposed Standard)",
  publisher="IETF",
  organization="Internet Engineering Task Force",
  year=2006,
  month=jun,
  url="http://www.ietf.org/rfc/rfc4510.txt",
	Note = {Zuletzt abgerufen am 08.12.2013}}

@misc{rfc4511,
  author="J. Sermersheim",
  title="{Lightweight Directory Access Protocol (LDAP): The Protocol}",
  series="Request for Comments",
  number="4511",
  howpublished="RFC 4511 (Proposed Standard)",
  publisher="IETF",
  organization="Internet Engineering Task Force",
  year=2006,
  month=jun,
  url="http://www.ietf.org/rfc/rfc4511.txt",
	Note = {Zuletzt abgerufen am 08.12.2013}}
	
@misc{rfc4120,
  author="C. Neuman and T. Yu and S. Hartman and K. Raeburn",
  title="{The Kerberos Network Authentication Service (V5)}",
  series="Request for Comments",
  number="4120",
  howpublished="RFC 4120 (Proposed Standard)",
  publisher="IETF",
  organization="Internet Engineering Task Force",
  year=2005,
  month=jul,
	url="http://www.ietf.org/rfc/rfc4120.txt",
  note="Updated by RFCs 4537, 5021, 5896, 6111, 6112, 6113, 6649, 6806 --- Zuletzt abgerufen am 08.12.2013"}

@book{ullenboom2010Server2008R2,
  author = {Ullenboom, Christian},
  isbn = {9783836215282},
  keywords = {openbook books galileo Windows Server 2008 R2},
  publisher = {Galileo Computing},
  title = {Windows Server 2008 R2 -- Das umfassende Handbuch (Galileo Openbook)},
  year = 2010,
	url = {http://openbook.galileocomputing.de/windows_server_2008/}}

@misc{cifs:website,
	author = {{Microsoft Technet}},
	title = {Common Internet File System},
	year = {1999},
	url = {http://msdn.microsoft.com/en-us/library/ee442092.aspx},
	Note = {Zuletzt abgerufen am 08.12.2013}}

@misc{rfc1034,
  author="P.V. Mockapetris",
  title="{Domain names - concepts and facilities}",
  series="Request for Comments",
  number="1034",
  howpublished="RFC 1034 (INTERNET STANDARD)",
  publisher="IETF",
  organization="Internet Engineering Task Force",
  year=1987,
  month=nov,
  note="Updated by RFCs 1101, 1183, 1348, 1876, 1982, 2065, 2181, 2308, 2535, 4033, 4034, 4035, 4343, 4035, 4592, 5936 -- Zuletzt abgerufen am 08.12.2013",
  url="http://www.ietf.org/rfc/rfc1034.txt"}}

@misc{rfc1035,
  author="P.V. Mockapetris",
  title="{Domain names - implementation and specification}",
  series="Request for Comments",
  number="1035",
  howpublished="RFC 1035 (INTERNET STANDARD)",
  publisher="IETF",
  organization="Internet Engineering Task Force",
  year=1987,
  month=nov,
  note="Updated by RFCs 1101, 1183, 1348, 1876, 1982, 1995, 1996, 2065, 2136, 2181, 2137, 2308, 2535, 2673, 2845, 3425, 3658, 4033, 4034, 4035, 4343, 5936, 5966, 6604 -- Zuletzt abgerufen am 08.12.2013",
  url="http://www.ietf.org/rfc/rfc1035.txt"}

@Book{book:ad,
	author = {Holme, Dan and Ruest, Nelson and Ruest, Danielle and Kellington, Jason},
	editor = {Koch, Jeff and Szall, Karen and Caperton, Rosemary and Crystal, Thomas},
	title = {Configuring Windows Server 2008 Active Directory},
	publisher = {Microsoft Press},
	year = {2011}}
	
@misc{rfc2104,
  author="H. Krawczyk and M. Bellare and R. Canetti",
  title="{HMAC: Keyed-Hashing for Message Authentication}",
  series="Request for Comments",
  number="2104",
  howpublished="RFC 2104 (Informational)",
  publisher="IETF",
  organization="Internet Engineering Task Force",
  year=1997,
  month=feb,
  note="Updated by RFC 6151 -- Zuletzt abgerufen am 08.12.2013",
  url="http://www.ietf.org/rfc/rfc2104.txt"}
  
@misc{rfc1321,
  author="R. Rivest",
  title="{The MD5 Message-Digest Algorithm}",
  series="Request for Comments",
  number="1321",
  howpublished="RFC 1321 (Informational)",
  publisher="IETF",
  organization="Internet Engineering Task Force",
  year=1992,
  month=apr,
  note="Updated by RFC 6151 -- Zuletzt abgerufen am 08.12.2013",
  url="http://www.ietf.org/rfc/rfc1321.txt"}
  
@misc{rfc791,
  author="J. Postel",
  title="{Internet Protocol}",
  series="Request for Comments",
  number="791",
  howpublished="RFC 791 (INTERNET STANDARD)",
  publisher="IETF",
  organization="Internet Engineering Task Force",
  year=1981,
  month=sep,
  note="Updated by RFCs 1349, 2474, 6864 -- Zuletzt abgerufen am 08.12.2013",
  url="http://www.ietf.org/rfc/rfc791.txt"}

@misc{rfc2898,
  author="B. Kaliski",
  title="{PKCS \#5: Password-Based Cryptography Specification Version 2.0}",
  series="Request for Comments",
  number="2898",
  howpublished="RFC 2898 (Informational)",
  publisher="IETF",
  organization="Internet Engineering Task Force",
  year=2000,
  month=sep,
  url="http://www.ietf.org/rfc/rfc2898.txt",
  Note = {Zuletzt abgerufen am 08.12.2013}}
  
@misc{rfc4251,
  author="T. Ylonen and C. Lonvick",
  title="{The Secure Shell (SSH) Protocol Architecture}",
  series="Request for Comments",
  number="4251",
  howpublished="RFC 4251 (Proposed Standard)",
  publisher="IETF",
  organization="Internet Engineering Task Force",
  year=2006,
  month=jan,
  url="http://www.ietf.org/rfc/rfc4251.txt",
  Note = {Zuletzt abgerufen am 08.12.2013}}
  
@Article{ct:pwcrack,
	author = {Ries, Uli},
	title = {Die Passwortknacker -- Ein Blick hinter die Kulissen der Cracker},
	journal = {c't 03/2013},
	year = {2013}}
  
@ARTICLE{ieee:pwselection, 
	author={Yampolskiy, Roman V.}, 
	journal={Carnahan Conferences Security Technology, Proceedings 2006 40th Annual IEEE International}, 
	title={Analyzing user password selection behavior for reduction of password space}, 
	year={2006}}

@TechReport{art:smstudy,
	author = {Yves, Younan},
	title = {25 Years of Vulnerabilities: 1988-2012},
	institution = {Sourcefire},
	year = {2013},
	Note = {Zuletzt abgerufen am 08.12.2013}}

@Article{art:bsimdm,
	author = {BSI, {Bundesamt für Sicherheit in der Informationstechnik}},
	title = {Mobile Device Management},
	journal = {BSI Veröffentlichungen zur Cyber-Sicherheit},
	version = {1.0},
	year = {2013},
	Note = {Zuletzt abgerufen am 08.12.2013}}
	
@TechReport{tr:wp8exploit,
	author = {Technet},
	title = {Microsoft Security Advisory (2876146) - Wireless PEAP-MS-CHAPv2 Authentication Could Allow Information Disclosure},
	institution = {Microsoft},
	publisher = {Microsoft},
	year = {2013},
	url = {http://technet.microsoft.com/en-us/security/advisory/2876146},
	Note = {Zuletzt abgerufen am 08.12.2013}}
	
@misc{ic:bbstd,
	author = {APA},
	title = {BlackBerry-Bieter wollen Konzern vielleicht zerstückeln},
	booktitle = {derStandard},
	url = {http://derstandard.at/1378249121720/BlackBerry-Bieter-wollen-Konzern-vielleicht-zerstueckeln},
	year = {2013},
	Note = {Zuletzt abgerufen am 08.12.2013}}

@TechReport{tr:wp8pentest,
	author = {Wouter, Veugelen},
	title = {Mobile Device Security and Ethical Hacking - Mobile Application Penetration Testing - Windows Phone 8},
	institution = {Wouter Veugelen Blog},
	publisher = {Wouter Veugelen Blog},
	year = {2013},
	url = {http://www.voipsec.eu/wp-content/Mobile-Application-Penetration-Testing-Windows-Phone-8-v1.0.pdf},
	Note = {Zuletzt abgerufen am 08.12.2013}}

@article{iso27001,
    author = {{ISO/IEC JTC 1}},
    journal = {ISO/IEC},
    url = {http://www.27000.org/iso-27001.htm},
    title = {{ISO/IEC 27001:2005 Informationstechnologie - Sicherheitstechnik - Informationssicherheits-Managementsysteme - Anforderungen}},
    year = {2005},
    month = {October},
    Note = {Zuletzt abgerufen am 08.12.2013}}

@MISC{EN-1630,
	type = {Norm},
	author = {{Europäische Norm}},
	key = {EN 1630},
	month = {September},
	year = {2011}, 
	title = {Türen, Fenster, Vorhangfassaden, Gitterelemente und Abschlüsse - Einbruchhemmung - Prüfverfahren für die Ermittlung der Widerstandsfähigkeit gegen manuelle Einbruchversuche}}
   
@MISC{EN-1047-2, 
	type = {Norm},
	author = {{Europäische Norm}},
	key = {EN 1047-2},
	month = {May},
	year = {2013}, 
	title = {Wertbehältnisse - Klassifizierung und Methoden zur Prüfung des Widerstandes gegen Brand - Teil 2: Datensicherungsräume und Datensicherungscontainer}} 

@manual{man:usb,
	author = {{USB Implementers Forum, Inc.}},
	edition = {{2.0, 3.0}},
	keywords = {2.0 3.0 bus serial universal usb usb2 usb3},
	organization = {Compaq, Hewlett-Packard, Intel, Lucent, Microsoft, NEC, and Philips},
	title = {Universal Serial Bus Specification},
	url = {http://www.usb.org/developers/docs/},
	year = {{2000, 2008}},
	address = {www.usb.org},
	Note = {Zuletzt abgerufen am 08.12.2013}}
  
@techreport{tr:ieee802.3,
    booktitle = {IEEE Std 802.3-2005 (Revision of IEEE Std 802.3-2002 including all approved amendments)},
    journal = {IEEE Std 802.3-2005 (Revision of IEEE Std 802.3-2002 including all approved amendments)},
    pages = {1--417},
    title = {{IEEE Std 802.3 - 2005 Part 3: Carrier sense multiple access with collision detection (CSMA/CD) access method and physical layer specifications - Section Five}},
    url = {http://ieeexplore.ieee.org/xpls/abs\_all.jsp?arnumber=1576513},
    volume = {Section5},
    year = {2005},
    publisher = {IEEE},
    author = {IEEE},
    Note = {Zuletzt abgerufen am 08.12.2013}}
    
@misc{website:ps2,
	Author = {Intel},
	Title = {Network PC System Design Guidelines},
	Url = {http://download.intel.com/design/archives/wfm/downloads/netpc.pdf},
	Year = {1997},
	Note = {Zuletzt abgerufen am 08.12.2013}}

@techreport{tr:ieee802.2,
    author = {IEEE},
    publisher = {IEEE},
    institution = {{IEEE}},
    keywords = {bibtex-import},
    month = may,
    title = {{ANSI IEEE 802.2 Standard}},
    url = {http://standards.ieee.org/getieee802/download/802.2-1998.pdf},
    year = {1998},
    Note = {Zuletzt abgerufen am 08.12.2013}
}

@manual{man:evvamcs,
	author = {{EVVA}},
	edition = {MCS},
	organization = {EVVA - access to security},
	title = {MCS - Das System für beispiellose Sicherheit},
	url = {http://www.evva.at/fileadmin/files_all/Download/Prospekte/Systemprospekte/Systemprospekt_MCS.pdf},
	year = {1979},
	address = {EVVA Sicherheitstechnologie GmbH - Wienerbergstr. 59-65, Postfach 77 - A-1120 Wien},
	Note = {Zuletzt abgerufen am 08.12.2013}}

@BOOK{Zisler2013,
	AUTHOR = {Zisler, Harald},
	YEAR = {2013},
	TITLE = {Computer-Netzwerke - Grundlagen, Funktionsweise, Anwendung},
	EDITION = {2. Aufl.},
	ISBN = {978-3-836-22007-1},
	PUBLISHER = {Galileo Press GmbH},
	ADDRESS = {Bonn}}

@misc{rfc3078,
	author="G. Pall and G. Zorn",
	title="{Microsoft Point-To-Point Encryption (MPPE) Protocol}",
	series="Request for Comments",
	number="3078",
	howpublished="RFC 3078 (Informational)",
	publisher="IETF",
	organization="Internet Engineering Task Force",
	year=2001,
	month=mar,
	url="http://www.ietf.org/rfc/rfc3078.txt",
	Note = {Zuletzt abgerufen am 08.12.2013}}  
  
@misc{ietf:rc4,
	author="K. Kaukonen and R. Thayer",
	title="{A Stream Cipher Encryption Algorithm Arcfour}",
	series="Network Working Group",
	howpublished="Internet Draft",
	publisher="IETF",
	organization="Internet Engineering Task Force",
	year=1997,
	url="http://tools.ietf.org/html/draft-kaukonen-cipher-arcfour-01",
	Note = {Zuletzt abgerufen am 08.12.2013}}
	
@misc{rfc4301,
	author="S. Kent and K. Seo",
	title="{Security Architecture for the Internet Protocol}",
	series="Request for Comments",
	number="4301",
	howpublished="RFC 4301 (Proposed Standard)",
	publisher="IETF",
	organization="Internet Engineering Task Force",
	year=2005,
	month=dec,
	note="Updated by RFC 6040 -- Zuletzt abgerufen am 08.12.2013",
	url="http://www.ietf.org/rfc/rfc4301.txt",
}

@misc{man:aes,
	title = {Advanced Encryption Standard (AES) (FIPS PUB 197)},
	author = {NIST},
	organization = {National Institute of Standards and Technology},
	month = nov,
	year = {2001},
	Note = {Zuletzt abgerufen am 08.12.2013}}

@misc{rfc5246,
	author="T. Dierks and E. Rescorla",
	title="{The Transport Layer Security (TLS) Protocol Version 1.2}",
	series="Request for Comments",
	number="5246",
	howpublished="RFC 5246 (Proposed Standard)",
	publisher="IETF",
	organization="Internet Engineering Task Force",
	year=2008,
	month=aug,
	note="Updated by RFCs 5746, 5878, 6176 -- Zuletzt abgerufen am 08.12.2013",
	url="http://www.ietf.org/rfc/rfc5246.txt",
}

@article{openssl,
    key = {OpenSSL},
    keywords = {openssl},
    title = {{OpenSSL}: The Open Source toolkit for {SSL/TLS}},
    author = {{The Open{SSL} Project}},
    year = {2003},
    month = {April},
    url = {http://www.openssl.org/},
    Note = {Zuletzt abgerufen am 08.12.2013}}

@misc{rfc3931,
	author="J. Lau and M. Townsley and I. Goyret",
	title="{Layer Two Tunneling Protocol - Version 3 (L2TPv3)}",
	series="Request for Comments",
	number="3931",
	howpublished="RFC 3931 (Proposed Standard)",
	publisher="IETF",
	organization="Internet Engineering Task Force",
	year=2005,
	month=mar,
	note="Updated by RFC 5641 -- Zuletzt abgerufen am 08.12.2013",
	url="http://www.ietf.org/rfc/rfc3931.txt"}

@misc{rfc3193,
	author="B. Patel and B. Aboba and W. Dixon and G. Zorn and S. Booth",
	title="{Securing L2TP using IPsec}",
	series="Request for Comments",
	number="3193",
	howpublished="RFC 3193 (Proposed Standard)",
	publisher="IETF",
	organization="Internet Engineering Task Force",
	year=2001,
	month=nov,
	url="http://www.ietf.org/rfc/rfc3193.txt",
	Note = {Zuletzt abgerufen am 08.12.2013}
}

@misc{website:openvpn,
	Author = {{OpenVPN Technologies, Inc.}},
	Title = {OpenVPN Source Code},
	Url = {https://community.openvpn.net/openvpn/wiki/TesterDocumentation},
	Year = {2012},
	Note = {Zuletzt abgerufen am 08.12.2013}}

@misc{rfc2890,
	author="G. Dommety",
	title="{Key and Sequence Number Extensions to GRE}",
	series="Request for Comments",
	number="2890",
	howpublished="RFC 2890 (Proposed Standard)",
	publisher="IETF",
	organization="Internet Engineering Task Force",
	year=2000,
	month=sep,
	url="http://www.ietf.org/rfc/rfc2890.txt",
	Note = {Zuletzt abgerufen am 08.12.2013}}

@misc{rfc2759,
	author="G. Zorn",
	title="{Microsoft PPP CHAP Extensions, Version 2}",
	series="Request for Comments",
	number="2759",
	howpublished="RFC 2759 (Informational)",
	publisher="IETF",
	organization="Internet Engineering Task Force",
	year=2000,
	month=jan,
	url="http://www.ietf.org/rfc/rfc2759.txt",
	Note = {Zuletzt abgerufen am 08.12.2013}}
	
@misc{manual:openvpnsmartcards,
	Author = {Gooze},
	Title = {OpenVPN with smart cards / crypto tokens HOWTO},
	Url = {http://www.gooze.eu/howto/openvpn-with-smart-cards-crypto-tokens-howto},
	Year = {2010},
	Note = {Zuletzt abgerufen am 08.12.2013}}	
	
http://www.trustedcomputinggroup.org/files/static_page_files/72C26AB5-1A4B-B294-D002BC0B8C062FF6/TPM%20Main-Part%201%20Design%20Principles_v1.2_rev116_01032011.pdf

@manual{man:tpm,
	author = {{Trusted Computing Group, Incorporated}},
	edition = {Specification Version 1.2 Revision 116},
	organization = {{Trusted Computing Group, Incorporated}},
	title = {TPM Main Part 1 Design Principles},
	url = {http://www.trustedcomputinggroup.org/files/static_page_files/72C26AB5-1A4B-B294-D002BC0B8C062FF6/TPM%20Main-Part%201%20Design%20Principles_v1.2_rev116_01032011.pdf},
	year = {{2003 - 2011}},
	address = {Trusted Computing Group Administration, 3855 SW 153rd Drive Beaverton, Oregon 97006},
	Note = {Zuletzt abgerufen am 08.12.2013}}

@misc{website:bitlockergpo,
	Author = {Microsoft TechNet},
	Title = {Best Practices for BitLocker in Windows 7},
	Url = {http://technet.microsoft.com/en-us/library/dd875532%28WS.10%29.aspx},
	Year = {2010},
	Note = {Zuletzt abgerufen am 08.12.2013}}	

@TechReport{tr:fwdmadump,
	author = {Martin, Antonio},
	title = {FireWire Memory Dump of a Windows XP Computer: A Forensic Approach},
	year = {2007},
	publisher = {{Antonio Martin}},
	url = {http://www.friendsglobal.com/papers/FireWire%20Memory%20Dump%20of%20Windows%20XP.pdf},
	Note = {Zuletzt abgerufen am 08.12.2013}}
	
@ARTICLE{ieee1394a, 
	author={{IEEE Computer Society}}, 
	journal={{1394-WG - High Performance Serial Bus Working Group}}, 
	title={{1394-2008 - IEEE Standard for a High-Performance Serial Bus}}, 
	year={2008},
	Note = {Zuletzt abgerufen am 08.12.2013}}
	
@TechReport{tr:vdipqr,
	author = {Spruijt, Ruben},
	title = {VDI Smackdown},
	institution = {PQR},
	publisher = {PQR},
	year = {2013},
	month = {May},
	url = {http://www.pqr.com/images/PQR/Downloads/Whitepapers/Whitepaper_VDI_Smackdown.pdf},
	Note = {Zuletzt abgerufen am 08.12.2013}}

@misc{rfc2637,
	author="K. Hamzeh and G. Pall and W. Verthein and J. Taarud and W. Little and G. Zorn",
	title="{Point-to-Point Tunneling Protocol (PPTP)}",
	series="Request for Comments",
	number="2637",
	howpublished="RFC 2637 (Informational)",
	publisher="IETF",
	organization="Internet Engineering Task Force",
	year=1999,
	month=jul,
	url="http://www.ietf.org/rfc/rfc2637.txt",
	Note = {Zuletzt abgerufen am 08.12.2013}}
	
@misc{website:cvejava,
	Author = {{CVE Details}},
	Title = {Oracle JRE Vunerability Statistics},
	Url = {http://www.cvedetails.com/product/19117/Oracle-JRE.html?vendor_id=93},
	Year = {2013},
	Note = {Zuletzt abgerufen am 08.12.2013}}	

@misc{website:lmcomplevel,
	Author = {Microsoft TechNet},
	Title = {LmCompatibilityLevel},
	Url = {http://technet.microsoft.com/en-us/library/cc960646.aspx},
	Year = {2013},
	Note = {Zuletzt abgerufen am 08.12.2013}}

@misc{cite:thayer,
	KEY = {Nancy Thayer},
	AUTHOR = {Thayer, Nancy},
	YEAR = {2008},
	TITLE = {Deutsche November-Ausgabe Reader's Digest},
	PUBLISHER = {Reader's Digest},
	PAGES = {43},
	URL = {http://zitate.net/zitat_4178.html},
	Note = {Zuletzt abgerufen am 08.12.2013}}

@misc{website:telearbeit,
	Author = {{WKO}},
	Title = {Europäische Rahmenvereinbarung 
	über Telearbeit (Umsetzung in Österreich)},
	Url = {http://portal.wko.at/wk/format_detail.wk?angid=1&stid=440208&dstid=680},
	Year = {2005},
	Note = {Zuletzt abgerufen am 08.12.2013}}
	
@misc{website:mslifecycle,
	Author = {{Microsoft}},
	Title = {Micosoft Software Lifecycle)},
	Url = {http://support.microsoft.com/gp/lifeselect/de},
	Year = {2013},
	Note = {Zuletzt abgerufen am 08.12.2013}}
	
@misc{website:bsipfw,
	Author = {{BSI}},
	Title = {IT-Grundschutz Katalog - Einsatz von Personal Firewalls für Internet-PCs},
	Publisher = {Bundesamt für Sicherheit in der Informationstechnik},
	Url = {https://www.bsi.bund.de/DE/Themen/ITGrundschutz/ITGrundschutzKataloge/Inhalt/_content/m/m05/m05091.html},
	Year = {2013},
	Note = {Zuletzt abgerufen am 08.12.2013}}
	
@misc{website:bsiitgs,
	Author = {{BSI}},
	Title = {IT-Grundschutz},
	Publisher = {Bundesamt für Sicherheit in der Informationstechnik},
	Url = {https://www.bsi.bund.de/DE/Publikationen/BSI_Standard/it_grundschutzstandards.html#doc471418bodyText2},
	Year = {2013},
	Note = {Zuletzt abgerufen am 08.12.2013}}
	
@misc{website:bsiviren,
	Author = {{BSI}},
	Title = {IT-Grundschutz Katalog - M 2.157 Auswahl eines geeigneten Viren-Schutzprogramms},
	Publisher = {Bundesamt für Sicherheit in der Informationstechnik},
	Url = {https://www.bsi.bund.de/DE/Themen/ITGrundschutz/ITGrundschutzKataloge/Inhalt/_content/m/m02/m02157.html},
	Year = {2013},
	Note = {Zuletzt abgerufen am 08.12.2013}}

@article{kaplan:1996,
	Author = {Robert S. Kaplan and David P. Norton},
	Journal = {Harvard Business Review},
	Owner = {matthias},
	Pages = {3-13},
	Timestamp = {2012.07.31},
	Title = {Using the Balanced Scorecard as a Stratgic Management System},
	Volume = {96107},
	Year = {1996}}

@article{kaplan:1992,
	Author = {Robert S. Kaplan and David P. Norton},
	Journal = {Harvard Business Review},
	Owner = {matthias},
	Pages = {71-147},
	Timestamp = {2012.07.31},
	Title = {The Balanced Scorecard - Measures That Drive Performance},
	Volume = {92105},
	Year = {1992}}